<record xmlns="http://www.loc.gov/MARC21/slim" xmlns:xsi="http://www.w3.org/2001/XMLSchema-instance" xsi:schemaLocation="http://www.loc.gov/MARC21/slim http://www.loc.gov/standards/marcxml/schema/MARC21slim.xsd"><leader>00037nz   2200037n  4500</leader><controlfield tag="001">DNB|102387044</controlfield><controlfield tag="003">DNB</controlfield><controlfield tag="005">20080405190745.0</controlfield><controlfield tag="008">930416n||aznnnabbn           | aaa    |c</controlfield><datafield ind1=" " ind2=" " tag="035"><subfield code="a">(DE-101)102387044</subfield></datafield><datafield ind1=" " ind2=" " tag="035"><subfield code="a">(DE-588a)102387044</subfield></datafield><datafield ind1=" " ind2=" " tag="040"><subfield code="a">DE-12</subfield><subfield code="b">ger</subfield><subfield code="c">DE-101</subfield><subfield code="e">rakwb</subfield><subfield code="d">9999</subfield></datafield><datafield ind1=" " ind2=" " tag="079"><subfield code="a">p</subfield><subfield code="q">f</subfield><subfield code="q">p</subfield><subfield code="t">12-PAN</subfield></datafield><datafield ind1="0" ind2=" " tag="100"><subfield code="a">Cato</subfield><subfield code="c">Africanus</subfield><subfield code="d">5. Jh. n. Chr.</subfield></datafield><datafield ind1="0" ind2=" " tag="400"><subfield code="a">Cato</subfield><subfield code="c">Poeta</subfield><subfield code="d">5. Jh. n. Chr.</subfield></datafield><datafield ind1="0" ind2=" " tag="400"><subfield code="a">Cato</subfield><subfield code="c">Grammaticus</subfield><subfield code="d">5. Jh. n. Chr.</subfield></datafield><datafield ind1="0" ind2=" " tag="400"><subfield code="a">Caton</subfield><subfield code="c">Poète</subfield><subfield code="d">5. Jh. n. Chr.</subfield></datafield><datafield ind1="0" ind2=" " tag="400"><subfield code="a">Caton</subfield><subfield code="c">Grammairien</subfield><subfield code="d">5. Jh. n. Chr.</subfield></datafield><datafield ind1=" " ind2=" " tag="549"><subfield code="w">i</subfield><subfield code="i">Lebensdaten</subfield><subfield code="a">5. Jh. n. Chr.</subfield></datafield><datafield ind1=" " ind2=" " tag="678"><subfield code="a">Cpl 1517: Carmen</subfield></datafield><datafield ind1=" " ind2=" " tag="996"><subfield code="2">LC|n  87921662</subfield></datafield><datafield ind1=" " ind2=" " tag="996"><subfield code="2">RERO|vtls000177199</subfield></datafield><datafield ind1=" " ind2=" " tag="996"><subfield code="2">LC|n  50035021</subfield></datafield><datafield ind1=" " ind2=" " tag="996"><subfield code="2">BNE|XX1068238</subfield></datafield><datafield ind1=" " ind2=" " tag="996"><subfield code="2">NLA|000035852311</subfield></datafield><datafield ind1=" " ind2=" " tag="996"><subfield code="2">NLA|000035135608</subfield></datafield><datafield ind1=" " ind2=" " tag="996"><subfield code="2">RERO|vtls000029934</subfield></datafield><datafield ind1=" " ind2=" " tag="996"><subfield code="2">SWNL|vtls001862195</subfield></datafield><datafield ind1=" " ind2=" " tag="996"><subfield code="2">LAC|0041B5012</subfield></datafield><datafield ind1=" " ind2=" " tag="996"><subfield code="2">NLA|000036045429</subfield></datafield><datafield ind1=" " ind2=" " tag="996"><subfield code="2">PTBNP|43643</subfield></datafield><datafield ind1=" " ind2=" " tag="996"><subfield code="2">PICA|069318387</subfield></datafield><datafield ind1=" " ind2=" " tag="996"><subfield code="2">PICA|073350567</subfield></datafield><datafield ind1=" " ind2=" " tag="996"><subfield code="2">LC|no 90001808</subfield></datafield><datafield ind1=" " ind2=" " tag="997"><subfield code="a">400 0 flourished 0 0</subfield><subfield code="9">1</subfield></datafield></record>